%% This BibTeX bibliography file was created using BibDesk.
%% http://bibdesk.sourceforge.net/


%% Created for Oliver Erxleben at 2012-11-25 00:05:39 +0100 


%% Saved with string encoding Unicode (UTF-8) 


@misc{
	openmptut,
	Author = {Blaise Barney, Lawrence Livermore National Laboratory},
	Title = {OpenMP Tutorial},
	howpublished = {\url{https://computing.llnl.gov/tutorials/openMP/}},
	key = {openMPtut},
	note = {abgerufen am 24.11.2012} 
}

@book{omp08,
	Date-Added = {2012-11-24 16:59:37 +0000},
	Date-Modified = {2012-11-24 17:00:13 +0000},
	Publisher = {Springer},
	Title = {OpenMP - Eine Einf{\"u}hrung in die parallele Programmierung in C/C++},
	Year = {2008}}
