%% This BibTeX bibliography file was created using BibDesk.
%% http://bibdesk.sourceforge.net/


%% Created for Oliver Erxleben at 2012-12-13 10:46:33 +0100 


%% Saved with string encoding Unicode (UTF-8) 



@url{openmptut12,
	Author = {Blaise Barney, Lawrence Livermore National Laboratory},
	Date-Added = {2012-12-13 09:45:24 +0000},
	Date-Modified = {2012-12-13 09:46:30 +0000},
	Lastchecked = {24.11.2012},
	Title = {OpenMP Tutorial, https://computing.llnl.gov/tutorials/openMP/}}

@book{openmp08,
	Author = {S. Hoffmann, R. Lienhart},
	Date-Added = {2012-12-13 09:40:15 +0000},
	Date-Modified = {2012-12-13 09:40:58 +0000},
	Publisher = {Springer},
	Title = {OpenMP - Eine Einf{\"u}hrung in die parallele Programmierung mit C/C++},
	Year = {2008}}
